<record><leader>00000cas a2200000 a 4500</leader><controlfield tag="001">8784529</controlfield><controlfield tag="008">820917d18141825kyuwr ne      0    0eng  </controlfield><datafield ind1=" " ind2=" " tag="010"><subfield code="a">sn 82014149 </subfield></datafield><datafield ind1=" " ind2=" " tag="040"><subfield code="a">DLC</subfield><subfield code="b">eng</subfield><subfield code="c">DLC</subfield><subfield code="d">NPX</subfield><subfield code="d">KNP</subfield><subfield code="d">DLC</subfield><subfield code="d">KNP</subfield><subfield code="d">DLC</subfield><subfield code="d">KNP</subfield><subfield code="d">CNK</subfield><subfield code="d">CVF</subfield><subfield code="d">OCL</subfield><subfield code="d">NYS</subfield><subfield code="d">DLC</subfield><subfield code="d">OCLCO</subfield><subfield code="d">OCLCQ</subfield><subfield code="d">OCLCF</subfield></datafield><datafield ind1="1" ind2=" " tag="029"><subfield code="a">AU@</subfield><subfield code="b">000003066560</subfield></datafield><datafield ind1=" " ind2=" " tag="042"><subfield code="a">pcc</subfield></datafield><datafield ind1=" " ind2=" " tag="043"><subfield code="a">n-us-ky</subfield></datafield><datafield ind1="0" ind2="0" tag="050"><subfield code="a">Newspaper</subfield></datafield><datafield ind1="0" ind2=" " tag="130"><subfield code="a">Western monitor (Lexington, Ky. : 1814)</subfield></datafield><datafield ind1="1" ind2="4" tag="245"><subfield code="a">The western monitor.</subfield></datafield><datafield ind1="1" ind2="3" tag="246"><subfield code="a">Lexington advertiser western monitor</subfield><subfield code="f">May 25, 1819-</subfield></datafield><datafield ind1="1" ind2="3" tag="246"><subfield code="a">Monitor</subfield></datafield><datafield ind1=" " ind2=" " tag="260"><subfield code="a">Lexington [Ky.] :</subfield><subfield code="b">Fishback &amp; Sleight,</subfield><subfield code="c">1814-</subfield></datafield><datafield ind1=" " ind2=" " tag="300"><subfield code="a">v. ;</subfield><subfield code="c">68 cm.</subfield></datafield><datafield ind1=" " ind2=" " tag="310"><subfield code="a">Weekly,</subfield><subfield code="b">&lt;Oct. 6, 1824-Apr. 9, 1825&gt;</subfield></datafield><datafield ind1=" " ind2=" " tag="321"><subfield code="a">Weekly,</subfield><subfield code="b">1814-Oct. 1, 1822</subfield></datafield><datafield ind1=" " ind2=" " tag="321"><subfield code="a">Semiweekly,</subfield><subfield code="b">Oct. 4, 1822-&lt;July 23, 1824&gt;</subfield></datafield><datafield ind1="0" ind2=" " tag="362"><subfield code="a">Vol. 1, no. 1 (Aug. 3, 1814)-</subfield></datafield><datafield ind1="1" ind2=" " tag="362"><subfield code="a">Ceased in Apr. 1825.</subfield></datafield><datafield ind1=" " ind2=" " tag="500"><subfield code="a">Words "Lexington advertiser" appear in masthead ornament, May 25, 1819-&lt;Apr. 9, 1825&gt;</subfield></datafield><datafield ind1=" " ind2=" " tag="500"><subfield code="a">Publishers: Fishback &amp; Sleight, Aug. 3, 1814-May, 1815; Fishback and Thomas T. Skillman, &lt;May-Aug., 1815&gt;; Skillman &amp; William G. Hunt, ed., &lt;Aug. 11, 1815-Aug., 1818&gt;; William Gibbes Hunt, Oct. 17, 1818-1823; William Tanner, &lt;1823-&gt;; Thomas Curry, &lt;1825&gt;</subfield></datafield><datafield ind1=" " ind2=" " tag="500"><subfield code="a">"Republican."</subfield></datafield><datafield ind1=" " ind2=" " tag="500"><subfield code="a">"Truth our object-Reason our guide," Jan. 6-27, 1815.</subfield></datafield><datafield ind1=" " ind2=" " tag="500"><subfield code="a">"Truth our object-Facts and reason our guide," Feb. 13, 1815-</subfield></datafield><datafield ind1="4" ind2=" " tag="510"><subfield code="a">Brigham, C.S. Amer. newspapers</subfield><subfield code="c">p. 168-169</subfield></datafield><datafield ind1="4" ind2=" " tag="510"><subfield code="a">Gregory, W. Amer. newspapers, 1821-1936</subfield><subfield code="c">p. 232</subfield></datafield><datafield ind1="4" ind2=" " tag="510"><subfield code="a">Shaw &amp; Shoemaker</subfield><subfield code="c">33650</subfield></datafield><datafield ind1=" " ind2=" " tag="530"><subfield code="a">Also issued on microfilm from the Library of Congress, Photoduplication Service.</subfield></datafield><datafield ind1=" " ind2=" " tag="530"><subfield code="a">Available on microfilm from UMI (Early American Newspapers).</subfield></datafield><datafield ind1=" " ind2=" " tag="580"><subfield code="a">Country ed.: Western monitor (Lexington, Ky. : 1822).</subfield></datafield><datafield ind1=" " ind2="0" tag="651"><subfield code="a">Lexington (Ky.)</subfield><subfield code="v">Newspapers.</subfield></datafield><datafield ind1=" " ind2="0" tag="651"><subfield code="a">Fayette County (Ky.)</subfield><subfield code="v">Newspapers.</subfield></datafield><datafield ind1=" " ind2="7" tag="655"><subfield code="a">Newspapers.</subfield><subfield code="2">fast</subfield><subfield code="0">(OCoLC)fst01423814</subfield></datafield><datafield ind1=" " ind2="7" tag="651"><subfield code="a">Kentucky</subfield><subfield code="z">Fayette County.</subfield><subfield code="2">fast</subfield><subfield code="0">(OCoLC)fst01206953</subfield></datafield><datafield ind1=" " ind2="7" tag="651"><subfield code="a">Kentucky</subfield><subfield code="z">Lexington.</subfield><subfield code="2">fast</subfield><subfield code="0">(OCoLC)fst01206432</subfield></datafield><datafield ind1=" " ind2=" " tag="752"><subfield code="a">United States</subfield><subfield code="b">Kentucky</subfield><subfield code="c">Fayette</subfield><subfield code="d">Lexington.</subfield></datafield><datafield ind1="1" ind2=" " tag="775"><subfield code="t">Western monitor (Lexington, Ky. : 1822)</subfield><subfield code="w">(DLC)sn 84038157</subfield><subfield code="w">(OCoLC)11191603</subfield></datafield><datafield ind1="0" ind2="7" tag="785"><subfield code="t">True American (Lexington, Ky.)</subfield><subfield code="w">(OCoLC)11031774</subfield></datafield><datafield ind1="0" ind2="7" tag="785"><subfield code="t">True American and western monitor</subfield><subfield code="w">(DLC)sn 82014151</subfield><subfield code="w">(OCoLC)8784550</subfield></datafield></record>